@article{article,
  author  = {Peter Adams}, 
  title   = {The title of the work},
  journal = {The name of the journal},
  year    = 1993,
  number  = 2,
  pages   = {201-213},
  month   = 7,
  note    = {An optional note}, 
  volume  = 4
}

@book{book,
  author    = {Peter Babington}, 
  title     = {The title of the work},
  publisher = {The name of the publisher},
  year      = 1993,
  volume    = 4,
  series    = 10,
  address   = {The address},
  edition   = 3,
  month     = 7,
  note      = {An optional note},
  isbn      = {3257227892}
}

@booklet{booklet,
  title        = {The title of the work},
  author       = {Peter Caxton}, 
  howpublished = {How it was published},
  address      = {The address of the publisher},
  month        = 7,
  year         = 1993,
  note         = {An optional note}
}

@conference{conference,
  author       = {Peter Draper}, 
  title        = {The title of the work},
  booktitle    = {The title of the book},
  year         = 1993,
  editor       = {The editor},
  volume       = 4,
  series       = 5,
  pages        = 213,
  address      = {The address of the publisher},
  month        = 7,
  organization = {The organization},
  publisher    = {The publisher},
  note         = {An optional note}  
}

@inbook{inbook,
  author       = {Peter Eston}, 
  title        = {The title of the work},
  chapter      = 8,
  pages        = {201-213},
  publisher    = {The name of the publisher},
  year         = 1993,
  volume       = 4,
  series       = 5,
  address      = {The address of the publisher},
  edition      = 3,
  month        = 7,
  note         = {An optional note}
}

@incollection{incollection,
  author       = {Peter Farindon}, 
  title        = {The title of the work},
  booktitle    = {The title of the book},
  publisher    = {The name of the publisher},
  year         = 1993,
  editor       = {The editor},
  volume       = 4,
  series       = 5,
  chapter      = 8,
  pages        = {201-213},
  address      = {The address of the publisher},
  edition      = 3,
  month        = 7,
  note         = {An optional note}
}

@manual{manual,
  title        = {The title of the work},
  author       = {Peter Gainsford}, 
  organization = {The organization},
  address      = {The address of the publisher},
  edition      = 3,
  month        = 7,
  year         = 1993,
  note         = {An optional note}
}

@mastersthesis{mastersthesis,
  author       = {Peter Harwood}, 
  title        = {The title of the work},
  school       = {The school where the thesis was written},
  year         = 1993,
  address      = {The address of the publisher},
  month        = 7,
  note         = {An optional note}
}

@misc{misc,
  author       = {Peter Isley}, 
  title        = {The title of the work},
  howpublished = {How it was published},
  month        = 7,
  year         = 1993,
  note         = {An optional note}
}

@phdthesis{phdthesis,
  author       = {Peter Joslin}, 
  title        = {The title of the work},
  school       = {The school where the thesis was written},
  year         = 1993,
  address      = {The address of the publisher},
  month        = 7,
  note         = {An optional note}
}

@proceedings{proceedings,
  title        = {The title of the work},
  year         = 1993,
  editor       = {Peter Kidwelly},
  volume       = 4,
  series       = 5,
  address      = {The address of the publisher},
  month        = 7,
  organization = {The organization},
  publisher    = {The name of the publisher},
  note         = {An optional note}
}

@techreport{techreport,
  author       = {Peter Lambert}, 
  title        = {The title of the work},
  institution  = {The institution that published},
  year         = 1993,
  number       = 2,
  address      = {The address of the publisher},
  month        = 7,
  note         = {An optional note}
}

@unpublished{unpublished,
  author       = {Peter Marcheford}, 
  title        = {The title of the work},
  note         = {An optional note},
  month        = 7,
  year         = 1993
}

@techreport{imageCaption,
	author		= {Kelvin Xu, Jimmy Lei Ba, Ryan Kiros},
	title		= {Show, Attend and Tell: Neural Image Caption Generation with Visual Attention},
	institution	= {Universite de Montréal, University of Toronto},
	month		= 4,
	year		= 2016,
	url			= {https://arxiv.org/pdf/1502.03044.pdf}
}

@misc{text2speech,
  author  		= {Thierry Dutoit}, 
  title   		= {A Short Introduction to Text-to-Speech Synthesis},
  year    		= 1999,
  month   		= 12,
  howpublished 	= {Online},
  url			= {http://tcts.fpms.ac.be/synthesis/introtts_old.html}
}

@misc{speechRecognition,
  author  		= {Fifth Generation Computer Comporation}, 
  title   		= {Speaker independent connected speech recognition},
  howpublished 	= {Online},
  url			= {http://www.fifthgen.com/speaker-independent-connected-s-r.htm}
}

@manual{tensorFlow,
  title        	= {Image Recognition},
  organization 	= {TensorFlow},
  month        	= 11,
  year         	= 2017,
  url			= {https://www.tensorflow.org/tutorials/image_recognition}
}

@misc{googleCloud,
  author  		= {Google Cloud Platform}, 
  title   		= {Cloud vision API},
  howpublished 	= {Online},
  url			= {https://cloud.google.com/vision/}
}

@article{facebook,
  author  		= {Matthew Field}, 
  title   		= {Facebook tests face recognition technology},
  journal 		= {The Telegraph},
  year    		= 2017,
  month   		= 10,
  url			= {http://www.telegraph.co.uk/technology/2017/10/02/forgot-password-facebook-tests-face-recognition-technology-unlock/}
}

@techreport{text2image,
	author		= {Scott Reed, Zeynep Akata, Xinchen Yan},
	title		= {Generative Adversarial Text to Image Synthesis},
	institution	= {University of Michigan, Ann Arbor, MI, USA},
	month		= 6,
	year		= 2016,
	url			= {https://arxiv.org/pdf/1605.05396.pdf}
}

@techreport{DCGAN,
	author		= {Alec Radford, Luke Metz, Soumith Chintala},
	title		= {Unsupervised Representation Learning With Deep Convolutional Generative Adversarial Networks},
	institution	= {indico Research, Facebook AI Research},
	month		= 1,
	year		= 2016,
	url			= {https://arxiv.org/pdf/1511.06434.pdf}
}

@techreport{VAE,
	author		= {Carl Doersch},
	title		= {Tutorial on Variational Autoencoders},
	institution	= {Carnegie Mellon / UC Berkeley},
	month		= 8,
	year		= 2016,
	url			= {https://arxiv.org/pdf/1606.05908.pdf}
}

@techreport{GAN,
	author		= {Ian J. Goodfellow, Jean Pouget-Abadie},
	title		= {Generative Adversarial Nets},
	institution	= {Departement d’informatique et de recherche opérationnellé Universite de Montréal},
	month		= 6,
	year		= 2014,
	url			= {https://arxiv.org/pdf/1406.2661.pdf}
}

@techreport{stackGAN,
	author		= {Han Zhang, Tao Xu, Hongsheng Li},
	title		= {StackGAN: Text to Photo-realistic Image Synthesis with Stacked Generative Adversarial Networks},
	institution	= {Rutgers University, Lehigh University, The Chinese University of Hong Kong},
	month		= 8,
	year		= 2017,
	url			= {https://arxiv.org/pdf/1612.03242.pdf}
}

@techreport{conGAN,
	author		= {Mehdi Mirza, Simon Osindero},
	title		= {Conditional Generative Adversarial Nets},
	institution	= {Departement d’informatique et de recherche opérationnellé Universite de Montréal, Flickr / Yahoo Inc. San Francisco},
	month		= 11,
	year		= 2014,
	url			= {https://arxiv.org/pdf/1411.1784.pdf}
}

@book{musicMining,
  author    = {Tao, Mitsunori Ogihara, George Tzanetakis}, 
  title     = {Music data mining},
  publisher = {Boca Raton: CRC Press},
  year      = 2012,
  isbn      = {978-1-4398-3552-4}
}

@book{emotionExtraction,
  author    = {Yi-Hsan Yang, Homer H. Chen}, 
  title     = {Music Emotion Reckognition},
  publisher = {Boca Raton: CRC Press},
  year      = 2011,
  isbn      = {978-1-4398-5046-6}
}

@book{NNKvasnicka,
  author    = {Vladimír Kvasnička, Ľubica Beňušková, Jiří Pospíchal}, 
  title     = {Úvod do teórie neurónových sietí},
  publisher = {Iris},
  year      = 1997,
  isbn      = {8088778301}
}
